%%%%%%%  Books %%%%%%

@book{Summerfield:2007,
   author = "Mark Summerfield",
   title = "Rapid GUI Programming with Python and Qt ",
   booktitle = "Rapid GUI Programming with Python and Qt ",
   publisher = "Prentice Hall",
   address = "Cambridge, MA",
   month = "October",
   year = "2007",
   Notes = "ISBN 978-0132354189"
}


%%%%%%  Web derived images %%%%%%

%@misc{wiki:asimo,
 %  author = "Wikipedia",
  % title = "ASIMO --- {W}ikipedia{,} The Free Encyclopedia",
   %year = "2013",
   %howpublished = " \url{http://upload.wikimedia.org/wikipedia/commons/thumb/0/05/HONDA_ASIMO.jpg/450px-%HONDA_ASIMO.jpg} ",
 %  note = "[Online; accessed June 23, 2013]"
 %}


